<?xml version="1.0" encoding="UTF-8"?><collection><record><leader>02665ntm a2200373 a 4500</leader><controlfield tag="001">002590516</controlfield><controlfield tag="003">MiAaHDL</controlfield><controlfield tag="005">20190719000000.0</controlfield><controlfield tag="006">m        d        </controlfield><controlfield tag="007">cr bn ---auaua</controlfield><controlfield tag="008">930119q18501899xx            00||  ara d</controlfield><datafield tag="035" ind1=" " ind2=" "><subfield code="a">(MiU)002590516</subfield></datafield><datafield tag="035" ind1=" " ind2=" "><subfield code="a">sdr-miu002590516</subfield></datafield><datafield tag="035" ind1=" " ind2=" "><subfield code="a">(RLIN)MIUH92-A62</subfield></datafield><datafield tag="040" ind1=" " ind2=" "><subfield code="a">MiU</subfield><subfield code="c">MiU</subfield><subfield code="e">appm</subfield><subfield code="d">MiU</subfield></datafield><datafield tag="100" ind1="1" ind2=" "><subfield code="6">880-01</subfield><subfield code="a">Tīzīnī, Muḥammad ibn Muḥammad,</subfield><subfield code="d">ca. 1490.</subfield></datafield><datafield tag="240" ind1="1" ind2="0"><subfield code="6">880-02</subfield><subfield code="a">Risālah fī al-ʻamal bi-rubʻ al-dāʾirah al-mawḍūʻ fīhi juyūb</subfield></datafield><datafield tag="245" ind1="1" ind2="0"><subfield code="6">880-03</subfield><subfield code="a">Risālah fī al-ʻamal bi-al-jayb :</subfield><subfield code="b">ʻalá an yakūna al-quṭb fī ṭaraf qaws al-irtifāʻ :</subfield><subfield code="k">manuscript,</subfield><subfield code="f">[2nd half of 19th cent.] /</subfield><subfield code="c">lil-shaykh Shams al-Dīn Muḥammad ibn Muḥammad ibn Abī Bakr al-Ḥalabī al-Khaṭ[?].</subfield></datafield><datafield tag="300" ind1=" " ind2=" "><subfield code="a">1</subfield><subfield code="f">v. ([6] p.) ;</subfield><subfield code="c">18 cm.</subfield></datafield><datafield tag="500" ind1=" " ind2=" "><subfield code="a">Text rubricated; marginal corrections in hand of copyist; copy defective, only muqaddimah, first 4 bābs, and colophon remain.</subfield></datafield><datafield tag="500" ind1=" " ind2=" "><subfield code="a">Date of 1457 given in colophon probably date of exemplar: tammat al-risālah ... fī al-yawm al-khāmis ʻashar fī shahr Jumādī al-awwal fī shuhūr sanat iḥdī wa-sittīn thamānimiyah. On p. [1] is note: bi-khaṭṭ muʾallifihā al-ʻallāmah Muḥammad al-Tīzīnī al-Ḥalabī. Seemingly high acid content of paper, very brown and slightly brittle, suggests late 19th-cent. date.</subfield></datafield><datafield tag="510" ind1="4" ind2=" "><subfield code="a">cf. GAL,</subfield><subfield code="c">v. II, p. 160; King, Survey, p. 80.</subfield></datafield><datafield tag="520" ind1=" " ind2=" "><subfield code="a">A treatise on the use of the sine quadrant; another text called fāydah fī maʻrifat al-shams appended after colophon, only first 2 pp. of this text survive.</subfield></datafield><datafield tag="538" ind1=" " ind2=" "><subfield code="a">Mode of access: Internet.</subfield></datafield><datafield tag="541" ind1=" " ind2=" "><subfield code="d">11/13/34</subfield><subfield code="3">Manuscript</subfield><subfield code="a">History of Science, Meyerhof 29733</subfield><subfield code="c">Purchase, 1933/34</subfield></datafield><datafield tag="545" ind1=" " ind2=" "><subfield code="a">Imam in the Umayyad Mosque in Damascus.</subfield></datafield><datafield tag="561" ind1=" " ind2=" "><subfield code="a">Purchased in Cairo, 1933/34.</subfield></datafield><datafield tag="650" ind1=" " ind2="0"><subfield code="a">Astronomical instruments</subfield><subfield code="y">Early works to 1800.</subfield></datafield><datafield tag="650" ind1=" " ind2="0"><subfield code="a">Quadrants (Astronomical instruments)</subfield><subfield code="v">Early works to 1800.</subfield></datafield><datafield tag="650" ind1=" " ind2="0"><subfield code="a">Astronomy, Arab</subfield><subfield code="y">Early works to 1800.</subfield></datafield><datafield tag="650" ind1=" " ind2="0"><subfield code="a">Manuscripts, Arabic</subfield><subfield code="z">Michigan</subfield><subfield code="z">Ann Arbor.</subfield></datafield><datafield tag="773" ind1="0" ind2=" "><subfield code="a">Tracy W. McGregor Collection of Arabic, Persian, and Turkish Mathematical and Astronomical Manuscripts.</subfield><subfield code="7">unbc</subfield><subfield code="w">(CStRLIN)MIUH92-A20.</subfield></datafield><datafield tag="880" ind1="1" ind2="0"><subfield code="6">245-03/</subfield><subfield code="a">رسالة في العمل بالجيب :</subfield><subfield code="b">على أن يكون القطب في طرف قوس الإرتفاع :</subfield><subfield code="k">manuscript،</subfield><subfield code="f">[2nd half of 19th cent.] /</subfield><subfield code="c">للشيخ شمس الدين محمد بن محمد بن أبي بكر الحلبي الخط[؟].</subfield></datafield><datafield tag="880" ind1="1" ind2="0"><subfield code="6">240-02/</subfield><subfield code="a">رسالة في العمل بربع الدائرة الموصوع فيه جيوب</subfield></datafield><datafield tag="880" ind1="0" ind2=" "><subfield code="6">100-01/</subfield><subfield code="a">محمد بن محمد التيزيني.</subfield></datafield><datafield tag="CID" ind1=" " ind2=" "><subfield code="a">002590516</subfield></datafield><datafield tag="DAT" ind1="0" ind2=" "><subfield code="a">20190719102632.0</subfield><subfield code="b">20190719000000.0</subfield></datafield><datafield tag="DAT" ind1="1" ind2=" "><subfield code="a">20190719090653.0</subfield><subfield code="b">2019-07-19T16:10:38Z</subfield></datafield><datafield tag="DAT" ind1="2" ind2=" "><subfield code="a">2015-10-02T18:00:03Z</subfield><subfield code="b">2014-03-05T21:00:03Z</subfield></datafield><datafield tag="CAT" ind1=" " ind2=" "><subfield code="a">SDR-MIU</subfield><subfield code="d">EX LIBRIS - ALEPH</subfield><subfield code="l">prepare.pl-004-008</subfield></datafield><datafield tag="FMT" ind1=" " ind2=" "><subfield code="a">BK</subfield></datafield><datafield tag="HOL" ind1=" " ind2=" "><subfield code="0">sdr-miu002590516</subfield><subfield code="a">MiU</subfield><subfield code="b">SDR</subfield><subfield code="c">MIU</subfield><subfield code="p">mdp.39015081447008</subfield><subfield code="s">MIU</subfield><subfield code="1">002590516</subfield></datafield><datafield tag="974" ind1=" " ind2=" "><subfield code="b">MIU</subfield><subfield code="c">MIU</subfield><subfield code="d">20190719</subfield><subfield code="s">lit-dlps-dc</subfield><subfield code="u">mdp.39015081447008</subfield><subfield code="y">1899</subfield><subfield code="r">pd</subfield><subfield code="q">exp</subfield></datafield></record></collection>